@book{Soria,
  title={Física nuclear y de partícules},
  author={Antonio Ferrer Soria},
  isbn={9788437097718},
  series={Universitat de València},
  year={2015},
  publisher={Maite Simon},
  keywords ={419}
}
@article{Dialnet,
    author = {Diego Pacheco Sáenz \& Anibal Avendaño Cubillos},
    title = {La enseñanza del decaimiento radiactivo a partir de aproximaciones analógicas},
    journal = {Universidad Distrital Francisco José de Caldas.  ISSN 0124-2253. págs. 73-77} ,
    year = {2011}
}

%Sedimentos con polonio-210
@article{cook2018210pb,
  title={210Pb and 210Po in geological and related anthropogenic materials: implications for their mineralogical distribution in base metal ores},
  author={Cook, Nigel J and Ehrig, Kathy J and Rollog, Mark and Ciobanu, Cristiana L and Lane, Daniel J and Schmandt, Danielle S and Owen, Nicholas D and Hamilton, Toby and Grano, Stephen R},
  journal={Minerals},
  volume={8},
  number={5},
  pages={211},
  year={2018},
  publisher={MDPI}
}

%Toxicidad del polonio-210
@article{seiler2012occurrence,
  title={Occurrence of 210Po and biological effects of low-level exposure: the need for research},
  author={Seiler, Ralph L and Wiemels, Joseph L},
  journal={Environmental health perspectives},
  volume={120},
  number={9},
  pages={1230--1237},
  year={2012},
  publisher={National Institute of Environmental Health Sciences}
}

%Libro de la materia nuclear
@book{tsoulfanidis2021measurement,
  title={Measurement and detection of radiation},
  author={Tsoulfanidis, Nicholas and Landsberger, Sheldon},
  year={2021},
  publisher={CRC press}
}

%sedimentos
@article{sanchez2012radiocronologia,
  title={Radiocronolog{\'\i}a de sedimentos costeros utilizando 210Pb: modelos, validaci{\'o}n y aplicaciones},
  author={Sanchez-Cabeza, Joan-Albert and D{\'\i}az-Asencio, Misael and Ruiz-Fern{\'a}ndez, Ana Carolina},
  journal={Organismo Internacional de Energ{\'\i}a At{\'o}mica, Centro Internacional de Viena},
  year={2012}
}

%figura de la cadena de desintegración.
@misc{InterNACHI2024,
  author       = {InterNACHI},
  title        = {Uranium-238 decay chain},
  year         = {2024},
  url          = {https://www.nachi.org/gallery/radon/uranium-238-decay-chain},
  note         = {International Association of Certified Home Inspectors, Ilustración}
}

@article{matthews2007determination,
  title={Determination of 210Po in environmental materials: a review of analytical methodology},
  author={Matthews, K Murray and Kim, Chang-Kyu and Martin, Paul},
  journal={Applied Radiation and Isotopes},
  volume={65},
  number={3},
  pages={267--279},
  year={2007},
  publisher={Elsevier}
}
@book{Sheldon,
    author = {Marmier P. \& Sheldon.E,},
    title={The physics of nuclei and particles (Vol. 1-2)},
    publisher={Academic Press.},
    yea ={1969},
}